<record><leader>00000cas a2200000 i 4500</leader><controlfield tag="001">367772870</controlfield><controlfield tag="008">030416d19912013ncuwr ne      0   a0eng c</controlfield><datafield ind1=" " ind2=" " tag="010"><subfield code="a">  2015269021</subfield></datafield><datafield ind1=" " ind2=" " tag="040"><subfield code="a">UBY</subfield><subfield code="b">eng</subfield><subfield code="e">rda</subfield><subfield code="c">UBY</subfield><subfield code="d">OCLCF</subfield><subfield code="d">OCLCO</subfield><subfield code="d">UBY</subfield><subfield code="d">OCLCQ</subfield></datafield><datafield ind1=" " ind2=" " tag="042"><subfield code="a">pcc</subfield></datafield><datafield ind1=" " ind2=" " tag="043"><subfield code="a">n-us-nc</subfield></datafield><datafield ind1="1" ind2="4" tag="050"><subfield code="a">PZ4.C178</subfield><subfield code="b">A175</subfield></datafield><datafield ind1="0" ind2=" " tag="130"><subfield code="a">Rhinoceros times (Greensboro, N.C.)</subfield></datafield><datafield ind1="1" ind2="4" tag="245"><subfield code="a">The rhinoceros times.</subfield></datafield><datafield ind1=" " ind2="1" tag="264"><subfield code="a">Greensboro, N.C. :</subfield><subfield code="b">Rhinoceros Times,</subfield><subfield code="c">1991-2013.</subfield></datafield><datafield ind1=" " ind2=" " tag="300"><subfield code="a">22 volumes :</subfield><subfield code="b">color illustrations ;</subfield><subfield code="c">35 cm</subfield></datafield><datafield ind1=" " ind2=" " tag="310"><subfield code="a">Weekly</subfield></datafield><datafield ind1=" " ind2=" " tag="336"><subfield code="a">text</subfield><subfield code="b">txt</subfield><subfield code="2">rdacontent</subfield></datafield><datafield ind1=" " ind2=" " tag="336"><subfield code="a">still image</subfield><subfield code="b">sti</subfield><subfield code="2">rdacontent</subfield></datafield><datafield ind1=" " ind2=" " tag="337"><subfield code="a">unmediated</subfield><subfield code="b">n</subfield><subfield code="2">rdamedia</subfield></datafield><datafield ind1=" " ind2=" " tag="338"><subfield code="a">volume</subfield><subfield code="b">nc</subfield><subfield code="2">rdacarrier</subfield></datafield><datafield ind1="1" ind2=" " tag="362"><subfield code="a">Began in 1991; ceased with volume 23, no. 17 (April 25, 2013).</subfield></datafield><datafield ind1=" " ind2=" " tag="500"><subfield code="a">"All the rumors fit to print. Greensboro's only newspaper."</subfield></datafield><datafield ind1=" " ind2=" " tag="588"><subfield code="a">Description based on: Vol. 11, no. 38 (September 20, 2001); title from caption.</subfield></datafield><datafield ind1=" " ind2=" " tag="588"><subfield code="a">Latest issue consulted: Vol. 23, no. 16 (April 18, 2013).</subfield></datafield><datafield ind1=" " ind2="0" tag="651"><subfield code="a">Greensboro (N.C.)</subfield><subfield code="v">Newspapers.</subfield></datafield><datafield ind1=" " ind2="0" tag="651"><subfield code="a">Guilford County (N.C.)</subfield><subfield code="v">Newspapers.</subfield></datafield><datafield ind1=" " ind2="7" tag="651"><subfield code="a">North Carolina</subfield><subfield code="z">Greensboro.</subfield><subfield code="2">fast</subfield><subfield code="0">(OCoLC)fst01205296</subfield></datafield><datafield ind1=" " ind2="7" tag="651"><subfield code="a">North Carolina</subfield><subfield code="z">Guilford County.</subfield><subfield code="2">fast</subfield><subfield code="0">(OCoLC)fst01205338</subfield></datafield><datafield ind1=" " ind2="0" tag="655"><subfield code="a">Tabloid newspapers.</subfield></datafield><datafield ind1=" " ind2="7" tag="655"><subfield code="a">Newspapers.</subfield><subfield code="2">fast</subfield><subfield code="0">(OCoLC)fst01423814</subfield></datafield><datafield ind1=" " ind2=" " tag="752"><subfield code="a">United States</subfield><subfield code="b">North Carolina</subfield><subfield code="d">Greensboro.</subfield></datafield><datafield ind1="0" ind2="0" tag="785"><subfield code="t">Rhino times</subfield><subfield code="w">(DLC)  2015269024</subfield><subfield code="w">(OCoLC)905631358</subfield></datafield></record>